@book{sims,
  title={Computation with Finitely Presented Groups},
  author={Sims, C.C.},
  lccn={lc92032383},
  series={Encyclopedia of Mathematics and its Applications},
  year={1994},
  publisher={Cambridge University Press}
}

@article{rosser,
	year = 1952,
	month = {nov},
	publisher = {National Institute of Standards and Technology ({NIST})},
	volume = {49},
	number = {5},
	pages = {349},
	author = {J.B. Rosser},
	title = {A method of computing exact inverses of matrices with integer coefficients},
	journal = {Journal of Research of the National Bureau of Standards}
}

@book{dummit,
  title={Abstract Algebra},
  author={Dummit, D.S. and Foote, R.M.},
  lccn={2003057652},
  year={2004},
  publisher={Wiley}
}

@article{havas,
	year = 1993,
	month = {oct},
	publisher = {Elsevier {BV}},
	volume = {192},
	pages = {137--163},
	author = {George Havas and Derek F. Holt and Sarah Rees},
	title = {Recognizing badly presented Z-modules},
	journal = {Linear Algebra and its Applications}
}

@book{hadamard,
place={Cambridge},
title={Inequalities: A Journey into Linear Analysis},
publisher={Cambridge University Press},
author={Garling, D. J. H.},
year={2007}
}